<record><leader>00000cas a22000007a 4500</leader><controlfield tag="001">14184533</controlfield><controlfield tag="008">860905d19121927wiuwr ne      0    0eng d</controlfield><datafield ind1=" " ind2=" " tag="010"><subfield code="a">sn 86086665 </subfield></datafield><datafield ind1=" " ind2=" " tag="040"><subfield code="a">NPV</subfield><subfield code="b">eng</subfield><subfield code="c">NPV</subfield><subfield code="d">OCLCQ</subfield></datafield><datafield ind1=" " ind2=" " tag="042"><subfield code="a">msc</subfield></datafield><datafield ind1=" " ind2=" " tag="045"><subfield code="a">x1x2</subfield></datafield><datafield ind1=" " ind2=" " tag="052"><subfield code="a">4123</subfield><subfield code="b">R6</subfield></datafield><datafield ind1="0" ind2="4" tag="245"><subfield code="a">The Journal-telephone.</subfield></datafield><datafield ind1="1" ind2="7" tag="246"><subfield code="a">Milton Junction journal-telephone</subfield></datafield><datafield ind1=" " ind2=" " tag="260"><subfield code="a">Milton Junction, Wis. :</subfield><subfield code="b">E.M. Holston,</subfield><subfield code="c">1912-1927.</subfield></datafield><datafield ind1=" " ind2=" " tag="300"><subfield code="a">15 v. :</subfield><subfield code="b">ill.</subfield></datafield><datafield ind1=" " ind2=" " tag="310"><subfield code="a">Weekly</subfield></datafield><datafield ind1="0" ind2=" " tag="362"><subfield code="a">Vol. 36, no. 47 (Aug. 1, 1912)-v. 51, no. 52 (Aug. 25, 1927).</subfield></datafield><datafield ind1=" " ind2=" " tag="500"><subfield code="a">Publisher varies.</subfield></datafield><datafield ind1=" " ind2=" " tag="500"><subfield code="a">Editors: E.M. Holston, Aug. 1, 1912-June 26, 1919; O.H. Frantz, July 3, 1919-Aug. 19, 1926; E.B. Frantz, Oct. 14, 1926-Aug. 18, 1927.</subfield></datafield><datafield ind1=" " ind2=" " tag="525"><subfield code="a">Supplements accompany some issues.</subfield></datafield><datafield ind1=" " ind2=" " tag="530"><subfield code="a">Available on microfilm from The State Historical Society of Wisconsin.</subfield></datafield><datafield ind1=" " ind2=" " tag="752"><subfield code="a">United States</subfield><subfield code="b">Wisconsin</subfield><subfield code="c">Rock</subfield><subfield code="d">Milton.</subfield></datafield><datafield ind1="0" ind2="4" tag="780"><subfield code="t">Milton journal</subfield><subfield code="w">(DLC)sn 86086663</subfield></datafield><datafield ind1="0" ind2="4" tag="780"><subfield code="t">Telephone (Milton Junction, Wis. : 1905)</subfield><subfield code="w">(DLC)sn 86086664</subfield></datafield><datafield ind1="0" ind2="0" tag="785"><subfield code="t">Milton Junction telephone</subfield><subfield code="w">(DLC)sn 86086666</subfield></datafield><datafield ind1="1" ind2=" " tag="029"><subfield code="a">AU@</subfield><subfield code="b">000025831207</subfield></datafield></record>